<?xml version="1.0" encoding="utf-8"?>
<record xmlns="http://www.loc.gov/MARC21/slim" xmlns:xsi="http://www.w3.org/2001/XMLSchema-instance" xsi:schemaLocation="http://www.loc.gov/MARC21/slim http://www.loc.gov/standards/marcxml/schema/MARC21slim.xsd">
	<leader>     nam a22     Mi 4500</leader>
	<controlfield tag="001">b12590885</controlfield>
	<controlfield tag="003">UaCaAUL</controlfield>
	<controlfield tag="006">m        d        </controlfield>
	<controlfield tag="007">cr cn |||m|||a</controlfield>
	<controlfield tag="008">200214s1951    ua      ob    000 0 ara d</controlfield>
	<datafield ind1=" " ind2=" " tag="040">
		<subfield code="a">ZYU</subfield>
		<subfield code="b">ara</subfield>
		<subfield code="e">rda</subfield>
		<subfield code="c">ZYU</subfield>
	</datafield>
	<datafield ind1=" " ind2="4" tag="050">
		<subfield code="a">PJ7745.I155</subfield>
		<subfield code="b">M3 1951</subfield>
	</datafield>
	<datafield ind1="1" ind2=" " tag="100">
		<subfield code="6">880-01</subfield>
		<subfield code="a">Ibn Durayd, Muḥammad ibn al-Ḥasan,</subfield>
		<subfield code="d">837 or 838-933.</subfield>
	</datafield>
	<datafield ind1="1" ind2="0" tag="245">
		<subfield code="6">880-02</subfield>
		<subfield code="a">Sharḥ Maqṣūrat Ibn Durayd /</subfield>
		<subfield code="c">lil-imām Abī Bakr Muḥammad ibn al-Ḥusayn ibn Durayd al-Azdī, raḥimahu Allāh ; ʻuniya bi-hi ʻAbd Allāh Ismāʻīl al-Ṣāwī.</subfield>
	</datafield>
	<datafield ind1=" " ind2=" " tag="250">
		<subfield code="6">880-03</subfield>
		<subfield code="a">al-Ṭabʻah al-ūlá.</subfield>
	</datafield>
	<datafield ind1=" " ind2="1" tag="264">
		<subfield code="6">880-04</subfield>
		<subfield code="a">ʻĀbidīn, [Cairo] :</subfield>
		<subfield code="b">Maṭbaʻat al-Ṣāwī shāriʻ al-Kirdāsī bi-ʻĀbidīn,</subfield>
		<subfield code="c">1951.</subfield>
	</datafield>
	<datafield ind1=" " ind2=" " tag="300">
		<subfield code="a">online resource (128 pages)</subfield>
	</datafield>
	<datafield ind1=" " ind2=" " tag="336">
		<subfield code="a">text</subfield>
		<subfield code="2">rdacontent</subfield>
	</datafield>
	<datafield ind1=" " ind2=" " tag="337">
		<subfield code="a">computer</subfield>
		<subfield code="2">rdamedia</subfield>
	</datafield>
	<datafield ind1=" " ind2=" " tag="338">
		<subfield code="a">online resource</subfield>
		<subfield code="2">rdacarrier</subfield>
	</datafield>
	<datafield ind1=" " ind2=" " tag="500">
		<subfield code="6">880-05</subfield>
		<subfield code="a">Ḥuqūq al-ṭabʻ maḥfūẓah lil-shāriḥ.</subfield>
	</datafield>
	<datafield ind1=" " ind2=" " tag="500">
		<subfield code="6">880-06</subfield>
		<subfield code="a">&quot;Wa-qadd wāfaqa farāghī min kitābat hādhā al-sharḥ al-mūjaz al-farāgh min ṭabʻihi fī ghurrat Shaʻbạn sanat 1370 al-muwāfiq 7 min Māyū sanat 1951 wa-lilāh al-ḥamd wa-al-minnah&quot;--Colophon.</subfield>
	</datafield>
	<datafield ind1=" " ind2=" " tag="500">
		<subfield code="a">Part of the Arabic Collections Online (ACO) project, contributed by American University in Cairo Library.</subfield>
	</datafield>
	<datafield ind1=" " ind2=" " tag="533">
		<subfield code="a">Electronic reproduction.</subfield>
		<subfield code="b">New York, N.Y. :</subfield>
		<subfield code="c">New York University,</subfield>
		<subfield code="d">2020.</subfield>
		<subfield code="5">NNU</subfield>
	</datafield>
	<datafield ind1="1" ind2="0" tag="600">
		<subfield code="6">880-07</subfield>
		<subfield code="a">Ibn Durayd, Muḥammad ibn al-Ḥasan,</subfield>
		<subfield code="d">837 or 838-933.</subfield>
		<subfield code="t">Maqṣūrah.</subfield>
	</datafield>
	<datafield ind1="1" ind2="0" tag="600">
		<subfield code="6">880-08</subfield>
		<subfield code="a">Ibn Durayd, Muḥammad ibn al-Ḥasan,</subfield>
		<subfield code="d">837 or 838-933</subfield>
		<subfield code="x">Criticism and interpretation.</subfield>
	</datafield>
	<datafield ind1=" " ind2="0" tag="650">
		<subfield code="a">Arabic poetry</subfield>
		<subfield code="y">750-1258.</subfield>
	</datafield>
	<datafield ind1="1" ind2="7" tag="600">
		<subfield code="a">Ibn Durayd, Muḥammad ibn al-Ḥasan,</subfield>
		<subfield code="d">837 or 838-933.</subfield>
		<subfield code="2">fast</subfield>
		<subfield code="0">(OCoLC)fst01825437</subfield>
	</datafield>
	<datafield ind1="0" ind2="7" tag="630">
		<subfield code="a">Maqṣūrah (Ibn Durayd, Muḥammad ibn al-Ḥasan)</subfield>
		<subfield code="2">fast</subfield>
		<subfield code="0">(OCoLC)fst01372716</subfield>
	</datafield>
	<datafield ind1=" " ind2="7" tag="650">
		<subfield code="a">Arabic poetry.</subfield>
		<subfield code="2">fast</subfield>
		<subfield code="0">(OCoLC)fst00812533</subfield>
	</datafield>
	<datafield ind1=" " ind2="7" tag="648">
		<subfield code="a">750-1258</subfield>
		<subfield code="2">fast</subfield>
	</datafield>
	<datafield ind1=" " ind2="7" tag="655">
		<subfield code="a">Criticism, interpretation, etc.</subfield>
		<subfield code="2">fast</subfield>
		<subfield code="0">(OCoLC)fst01411635</subfield>
	</datafield>
	<datafield ind1="1" ind2=" " tag="700">
		<subfield code="6">880-09</subfield>
		<subfield code="a">Ṣāwī, ʻAbd Allāh Ismāʻīl.</subfield>
	</datafield>
	<datafield ind1="2" ind2=" " tag="710">
		<subfield code="a">American University in Cairo.</subfield>
		<subfield code="b">Library.</subfield>
	</datafield>
	<datafield ind1="0" ind2=" " tag="730">
		<subfield code="a">Arabic Collections Online.</subfield>
	</datafield>
	<datafield ind1="3" ind2=" " tag="740">
		<subfield code="6">880-10</subfield>
		<subfield code="a">al-Maqṣūrah.</subfield>
	</datafield>
	<datafield ind1="0" ind2="8" tag="776">
		<subfield code="i">Print version:</subfield>
		<subfield code="a">Ibn Durayd, Muḥammad ibn al-Ḥasan, 837 or 838-933.</subfield>
		<subfield code="t">Sharḥ Maqṣūrat Ibn Durayd</subfield>
		<subfield code="w">(UaCaAUL)b12590885</subfield>
		<subfield code="w">(OCoLC)60506532</subfield>
	</datafield>
	<datafield ind1="4" ind2="0" tag="856">
		<subfield code="u">http://hdl.handle.net/2333.1/p5hqc83r</subfield>
	</datafield>
	<datafield ind1="1" ind2=" " tag="880">
		<subfield code="6">100-01</subfield>
		<subfield code="a">ابن دريد، محمد بن الحسن،</subfield>
		<subfield code="d">933-838 or 837.</subfield>
	</datafield>
	<datafield ind1="1" ind2="0" tag="880">
		<subfield code="6">245-02</subfield>
		<subfield code="a">شرح مقصورة ابن دريد /</subfield>
		<subfield code="c">للامام أبي بكر محمد بن الحسين بن دريد الأزدي، رحمه الله ؛ عني به عبد الله اسماعيل الصاوي.</subfield>
	</datafield>
	<datafield ind1=" " ind2=" " tag="880">
		<subfield code="6">250-03</subfield>
		<subfield code="a">الطبعة الأولى.</subfield>
	</datafield>
	<datafield ind1=" " ind2="1" tag="880">
		<subfield code="6">264-04</subfield>
		<subfield code="a">عابدين، [Cairo] :</subfield>
		<subfield code="b">مطبعة الصاوي شارع الكرداسي بعابدين،</subfield>
		<subfield code="c">1951.</subfield>
	</datafield>
	<datafield ind1=" " ind2=" " tag="880">
		<subfield code="6">500-05</subfield>
		<subfield code="a">حقوق الطبع محفوظة للشارح.</subfield>
	</datafield>
	<datafield ind1=" " ind2=" " tag="880">
		<subfield code="6">500-06</subfield>
		<subfield code="a">&quot;وقد وافق فراغي من كتابة هذه الشرح الموجز الفراغ من طبعه في غرة شعبن سنة 1370 الموافق 7 من مايوا سنة 1951 ولله الحمد والمنه&quot;--Colophin.</subfield>
	</datafield>
	<datafield ind1="0" ind2="4" tag="880">
		<subfield code="6">600-07</subfield>
		<subfield code="a">ابن دريد، محمد بن الحسن،,</subfield>
		<subfield code="d">933-838 or 837.</subfield>
		<subfield code="t">مقصورة.</subfield>
	</datafield>
	<datafield ind1="1" ind2="4" tag="880">
		<subfield code="6">600-08</subfield>
		<subfield code="a">ابن دريد، محمد بن الحسن،,</subfield>
		<subfield code="d">933-838 or 837.</subfield>
		<subfield code="x">نقد وتحليل.</subfield>
	</datafield>
	<datafield ind1="1" ind2=" " tag="880">
		<subfield code="6">700-09</subfield>
		<subfield code="a">صاوي، عبد الله اسماعيل.</subfield>
	</datafield>
	<datafield ind1="2" ind2=" " tag="880">
		<subfield code="6">740-10</subfield>
		<subfield code="a">المقصورة.</subfield>
	</datafield>
	<datafield ind1=" " ind2=" " tag="959">
		<subfield code="a">NNU</subfield>
		<subfield code="b">WEB</subfield>
		<subfield code="c">GENI</subfield>
		<subfield code="t">0</subfield>
		<subfield code="m">Electronic access</subfield>
		<subfield code="s">01</subfield>
	</datafield>
	<datafield ind1=" " ind2=" " tag="999">
		<subfield code="i">UaCaAUL_b12590885</subfield>
		<subfield code="o">(OCoLC)ocm60506532</subfield>
		<subfield code="s">auc_aco001080</subfield>
		<subfield code="s">auc_aco001080</subfield>
	</datafield>
</record>
